@misc{bp,
    author = {Benedikt B\"unz and Jonathan Bootle and Dan Boneh and Andrew Poelstra and Pieter Wuille and Greg Maxwell},
    title = {Bulletproofs: Efficient Range Proofs for Confidential Transactions},
    howpublished = {Cryptology ePrint Archive, Report 2017/1066},
    year = {2017},
    note = {\url{https://eprint.iacr.org/2017/1066}},
}
