@misc{cryptonote,
title = {CryptoNote v2.0},
author = {van Saberhagen, Nicolas},
year = {2013}
}


@misc{van2013cryptonote,
  title={Cryptonote v 2. 0},
  author={van Saberhagen, Nicolas},
  year={2013}
}

@misc{pr,
title = {Subaddresses},
author = {MKEcoin project},
howpublished = "\url{https://github.com/MKEcoin-project/MKEcoin/pull/2056}",
note = {GitHub pull request \#2056}
}

@article{uniform,
  title={Uniform distribution and sum modulo m of independent random variables},
  author={Scozzafava, Paola},
  journal={Statistics \& Probability Letters},
  volume={18},
  number={4},
  pages={313--314},
  year={1993},
  publisher={Elsevier}
}
